<record><leader>00000cas a22000007a 4500</leader><controlfield tag="001">11006785</controlfield><controlfield tag="008">840731d18671869vauwr ne      0    0eng d</controlfield><datafield ind1=" " ind2=" " tag="010"><subfield code="a">sn 84024683 </subfield></datafield><datafield ind1=" " ind2=" " tag="040"><subfield code="a">NPV</subfield><subfield code="b">eng</subfield><subfield code="c">NPV</subfield><subfield code="d">NPX</subfield><subfield code="d">DLC</subfield><subfield code="d">PPM</subfield><subfield code="d">NLG</subfield><subfield code="d">MGN</subfield><subfield code="d">CNK</subfield><subfield code="d">NVK</subfield><subfield code="d">OCLCQ</subfield><subfield code="d">KRTAS</subfield><subfield code="d">OCLCF</subfield><subfield code="d">OCLCO</subfield></datafield><datafield ind1="1" ind2=" " tag="029"><subfield code="a">AU@</subfield><subfield code="b">000020341796</subfield></datafield><datafield ind1=" " ind2=" " tag="042"><subfield code="a">msc</subfield></datafield><datafield ind1="0" ind2="0" tag="050"><subfield code="a">Newspaper 10118</subfield></datafield><datafield ind1="0" ind2="4" tag="245"><subfield code="a">The Southern opinion.</subfield></datafield><datafield ind1=" " ind2=" " tag="260"><subfield code="a">Richmond, Va. :</subfield><subfield code="b">H. Rives Pollard,</subfield><subfield code="c">1867-1869.</subfield></datafield><datafield ind1=" " ind2=" " tag="300"><subfield code="a">2 v. :</subfield><subfield code="b">ill. ;</subfield><subfield code="c">64-68 cm.</subfield></datafield><datafield ind1=" " ind2=" " tag="310"><subfield code="a">Weekly</subfield></datafield><datafield ind1="0" ind2=" " tag="362"><subfield code="a">Vol. 1, no. 1 (June 15, 1867)-v. 2, no. 18 (May 1, 1869).</subfield></datafield><datafield ind1=" " ind2=" " tag="500"><subfield code="a">Democratic. Cf. Cappon, L.J. Va. newspapers.</subfield></datafield><datafield ind1=" " ind2=" " tag="500"><subfield code="a">Editors: H. Rives Pollard, June 15, 1867-&lt;Aug. 8, 1869&gt;; J. Marshall Hanna, &lt;Mar. 27, 1869-Apr. 10, 1869&gt;</subfield></datafield><datafield ind1=" " ind2=" " tag="500"><subfield code="a">Publisher varies: W.D. Chesterman &amp; Co. &lt;Feb. 27, 1869&gt;-Mar. 6, 1869; D.S. Hardwicke &amp; Co., Mar. 13, 1869-Mar. 27, 1869; Elam, Hanna &amp; Hardwicke, Apr. 31, 1869; D.S. Hardwicke &amp; Co., 1869-</subfield></datafield><datafield ind1=" " ind2=" " tag="500"><subfield code="a">"My country may she always be right, but right or wrong my country."</subfield></datafield><datafield ind1=" " ind2=" " tag="515"><subfield code="a">Not published Nov. 28, Dec. 12-26, 1868. Cf. Cappon, L.J. Va. newspapers.</subfield></datafield><datafield ind1=" " ind2=" " tag="530"><subfield code="a">Also available on microfilm from the University of Arkansas; University of North Carolina; Duke University; Historical Society of Wisconsin.</subfield></datafield><datafield ind1=" " ind2="0" tag="651"><subfield code="a">Richmond (Va.)</subfield><subfield code="v">Newspapers.</subfield></datafield><datafield ind1=" " ind2="7" tag="655"><subfield code="a">Newspapers.</subfield><subfield code="2">fast</subfield><subfield code="0">(OCoLC)fst01423814</subfield></datafield><datafield ind1=" " ind2="7" tag="651"><subfield code="a">Virginia</subfield><subfield code="z">Richmond.</subfield><subfield code="2">fast</subfield><subfield code="0">(OCoLC)fst01205345</subfield></datafield><datafield ind1=" " ind2=" " tag="752"><subfield code="a">United States</subfield><subfield code="b">Virginia</subfield><subfield code="d">Richmond.</subfield></datafield><datafield ind1=" " ind2=" " tag="938"><subfield code="a">Kirtas Technologies, Inc.</subfield><subfield code="b">KRTS</subfield><subfield code="n">738667</subfield></datafield></record>